<?xml version="1.0" encoding="UTF-8"?><record xmlns="http://www.loc.gov/MARC21/slim" xmlns:cinclude="http://apache.org/cocoon/include/1.0" xmlns:zs="http://www.loc.gov/zing/srw/">
  <leader>00413cz  a2200121n  4500</leader>
  <controlfield tag="001">n 2012038638</controlfield>
  <controlfield tag="003">DLC</controlfield>
  <controlfield tag="005">20120611074624.0</controlfield>
  <controlfield tag="008">120610n| acannaabn          |n aaa      </controlfield>
  <datafield tag="010" ind1=" " ind2=" ">
    <subfield code="a">n 2012038638</subfield>
  </datafield>
  <datafield tag="040" ind1=" " ind2=" ">
    <subfield code="a">DLC</subfield>
    <subfield code="b">eng</subfield>
    <subfield code="c">DLC</subfield>
  </datafield>
  <datafield tag="100" ind1="1" ind2=" ">
    <subfield code="a">King, Brad,</subfield>
    <subfield code="d">1947-</subfield>
  </datafield>
  <datafield tag="670" ind1=" " ind2=" ">
    <subfield code="a">Hoffman, A. Love kills, 1994:</subfield>
    <subfield code="b">p. 11 (b. 1947, grew up in Croswell, Mich.; convicted in January 1993 of murdering wife Diane Newton King on Feb. 9, 1991)</subfield>
  </datafield>
</record>